
    @misc{basiceducation,
      title        = "Unemployment with basic education (% of total labor force with basic education)",
      author       = "{International Labour Organization.}",
      howpublished = "\url{https://data.worldbank.org/indicator/SL.UEM.BASC.ZS?end=2020&start=2020&view=bar}",
      year         = 2021,
      note         = "Accessed: 2021-05-21"
    }
    
    @misc{advancededucation,
      title        = "Unemployment with advanced education (% of total labor force with advanced education)",
      author       = "{International Labour Organization.}",
      howpublished = "\url{https://data.worldbank.org/indicator/SL.UEM.ADVN.ZS}",
      year         = 2021,
      note         = "Accessed: 2021-05-21"
    }
    
    @misc{GDP,
      title        = "GDP growth (annual %)",
      author       = "{The World Bank}",
      howpublished = "\url{https://data.worldbank.org/indicator/NY.GDP.MKTP.KD.ZG}",
      year         = 2019,
      note         = "Accessed: 2021-05-21"
    }
    
    @misc{Population,
      title        = "Population, total",
      author       = "{United Nations Population Division}",
      howpublished = "\url{https://data.worldbank.org/indicator/SP.POP.TOTL}",
      year         = 2019,
      note         = "Accessed: 2021-05-21"
    }
    
    @misc{femaleunemployment,
      title        = "Unemployment, female (% of female labor force) (national estimate)",
      author       = "{International Labour Organization.}",
      howpublished = "\url{https://data.worldbank.org/indicator/SL.UEM.TOTL.FE.NE.ZS}",
      year         = 2021,
      note         = "Accessed: 2021-05-21"
    }
    
    
    @misc{maleunemployment,
      title        = "Unemployment, male (% of male labor force) (national estimate)",
      author       = "{International Labour Organization.}",
      howpublished = "\url{https://data.worldbank.org/indicator/SL.UEM.TOTL.MA.NE.ZS}",
      year         = 2021,
      note         = "Accessed: 2021-05-21"
    }
    
    @misc{totalunemployment,
      title        = "Unemployment, total (% of total labor force) (modeled ILO estimate) - Australia",
      author       = "{International Labour Organization.}",
      howpublished = "\url{https://data.worldbank.org/indicator/SL.UEM.TOTL.ZS?locations=AU}",
      year         = 2021,
      note         = "Accessed: 2021-05-26"
    }
    
    @misc{inflation,
      title        = "Inflation, consumer prices (annual %) - Australia",
      author       = "{International Monetary Fund}",
      howpublished = "\url{https://data.worldbank.org/indicator/FP.CPI.TOTL.ZG?locations=AU}",
      year         = 2020,
      note         = "Accessed: 2021-05-26"
    }